<record xmlns="http://www.loc.gov/MARC21/slim" xmlns:xsi="http://www.w3.org/2001/XMLSchema-instance" xsi:schemaLocation="http://www.loc.gov/MARC21/slim http://www.loc.gov/standards/marcxml/schema/MARC21slim.xsd"><leader>01385nam a2200277   4500</leader><controlfield tag="001">001677189</controlfield><controlfield tag="003">NNU</controlfield><controlfield tag="006">m        d        </controlfield><controlfield tag="007">cr cn |||m|||a</controlfield><controlfield tag="008">150116m19321933ua      o     000 0 arard</controlfield><datafield ind1=" " ind2=" " tag="040"><subfield code="a">NNU</subfield><subfield code="b">eng</subfield><subfield code="c">NNU</subfield></datafield><datafield ind1=" " ind2="4" tag="050"><subfield code="a">BP135.A2</subfield><subfield code="b">J3 1932</subfield></datafield><datafield ind1="1" ind2=" " tag="100"><subfield code="a">&#699;Ajl&#363;n&#299;, Ism&#257;&#699;&#299;l ibn Mu&#7717;ammad,</subfield><subfield code="d">1676 or 7-1748 or 9.</subfield></datafield><datafield ind1="1" ind2="0" tag="245"><subfield code="a">Kashf al-khaf&#257;&#700; wa-muz&#299;l al-ilb&#257;s &#699;amm&#257; ishtahara min al-a&#7717;&#257;d&#299;th &#699;al&#225; alsinat al-n&#257;s</subfield><subfield code="h">[electronic resource] /</subfield><subfield code="c">li-Ism&#257;&#699;&#299;l ibn Mu&#7717;ammad al-&#699;Ajl&#363;n&#299; al-Jarr&#257;&#7717;&#299;.</subfield></datafield><datafield ind1=" " ind2=" " tag="260"><subfield code="a">al-Q&#257;hirah :</subfield><subfield code="b">Maktabat al-Quds&#299;,</subfield><subfield code="c">1351-1352 [1932-1933]</subfield></datafield><datafield ind1=" " ind2=" " tag="300"><subfield code="a">online resource (2 v. in 1)</subfield></datafield><datafield ind1=" " ind2=" " tag="500"><subfield code="a">Reprint of the ed. published in Cairo, 1932-33.</subfield></datafield><datafield ind1=" " ind2=" " tag="500"><subfield code="a">Part of the Arabic Collections Online (ACO) project, contributed by New York Univeristy Libraries.</subfield></datafield><datafield ind1=" " ind2=" " tag="533"><subfield code="a">Electronic reproduction.</subfield><subfield code="b">New York, N.Y. :</subfield><subfield code="c">New York University,</subfield><subfield code="d">2015.</subfield><subfield code="5">NNU</subfield></datafield><datafield ind1=" " ind2="0" tag="650"><subfield code="a">Hadith.</subfield></datafield><datafield ind1="2" ind2=" " tag="710"><subfield code="a">New York University.</subfield><subfield code="b">Libraries.</subfield></datafield><datafield ind1="0" ind2=" " tag="730"><subfield code="a">Arabic Collections Online.</subfield></datafield><datafield ind1="0" ind2="8" tag="776"><subfield code="i">Print version:</subfield><subfield code="a">&#699;Ajl&#363;n&#299;, Ism&#257;&#699;&#299;l ibn Mu&#7717;ammad, 1676 or 7-1748 or 9.</subfield><subfield code="t">Kashf al-khaf&#257;&#700; wa-muz&#299;l al-ilb&#257;s &#699;amm&#257; ishtahara min al-a&#7717;&#257;d&#299;th &#699;al&#225; alsinat al-n&#257;s</subfield><subfield code="w">(NNU)001677189</subfield></datafield><datafield ind1="4" ind2="0" tag="856"><subfield code="u">http://hdl.handle.net/2333.1/d2547gkt</subfield></datafield><datafield ind1=" " ind2=" " tag="959"><subfield code="a">NNU</subfield><subfield code="b">WEB</subfield><subfield code="c">GENI</subfield><subfield code="t">0</subfield><subfield code="m">Electronic access</subfield><subfield code="s">01</subfield></datafield><datafield ind1=" " ind2=" " tag="999"><subfield code="i">NNU_001677189</subfield><subfield code="o" /><subfield code="e">(ERROR-880)</subfield></datafield></record>